% This file was created with JabRef 2.7.2.
% Encoding: Cp1252

@BOOK{Chlebek2006,
  title = {User Interface-orentierte Softwarearchitektur},
  publisher = {Friedrich Vieweg \& Sohn Verlagsgesellschaft mbH},
  year = {2006},
  author = {Chlebek, Paul},
  owner = {grunitz},
  timestamp = {2012.06.19}
}

@BOOK{Cooper2010,
  title = {About Face. Interface und Interaction Design},
  publisher = {Hüthig Jehle Rehm GmbH},
  year = {2010},
  author = {Cooper, Alan and Reimann, Robert and Cronin, David},
  note = {\"Ubersetzung der amerikanischen Originalausgabe \cite{Cooper2007}},
  owner = {grunitz},
  timestamp = {2012.06.15}
}

@BOOK{Cooper2007,
  title = {About Face 3. The Essentials of Interaction Design},
  publisher = {Wiley Publishing, Inc.},
  year = {2007},
  author = {Cooper, Alan and Reimann, Robert and Cronin, David},
  owner = {grunitz},
  timestamp = {2012.06.15}
}

@MANUAL{Ottenbacher2010,
  title = {Unisens 2.0 Dokumentation},
  author = {Ottenbacher, J\"org and Kirst, Malte},
  month = {Februar},
  year = {2010},
  file = {:D\:\\Users\\grunitz\\Documents\\Unisens-Dokumentation.pdf:PDF},
  keywords = {Unisens},
  owner = {grunitz},
  timestamp = {2012.08.15},
  url = {http://unisens.org/downloads/documentation/Unisens-Dokumentation.pdf}
}

@BOOK{Rupp2007,
  title = {UML 2 glasklar},
  publisher = {Carl Hanser Verlag},
  year = {2007},
  author = {Rupp, Chris and Queins, Stefan and Zengler, Barbara},
  owner = {grunitz},
  timestamp = {2012.06.20}
}

@comment{jabref-meta: selector_review:}

@comment{jabref-meta: selector_publisher:}

@comment{jabref-meta: selector_author:}

@comment{jabref-meta: selector_journal:}

@comment{jabref-meta: selector_keywords:Unisens;}

